@misc{LinWays,
  author       = {Bastin Thomas},
  howpublished = {Available: \url{https://blog.linways.com/why-linways-academic-management-system/}},
  title        = {LinWays Technologies Pvt. Ltd.},
  year         = {2013}
}

@misc{Expo,
  author       = {Charlie Cheever},
  howpublished = {Available at: \url{https://expo.dev/}},
  title        = {Expo Technologies Inc.},
  year         = {2015}
}

@book{ReactNativeBook,
  author         = {Bonnie Eisenman},
  publisher      = {Oreilly \& Associates Inc},
  title          = {Learning React Native: Building Native Mobile Apps With Javascript 2nd Edition},
  year           = {2017}
}

@misc{ReactNativeDocs,
  author       = {Meta Platforms, Inc. and community contributors},
  howpublished = {Available at: \url{https://reactnative.dev/}},
  title        = {React Native},
  year         = {2015}
}

@book{SolidityBook,
  author         = {Kevin Solorio, Randall Kanna, David Hoover},
  publisher      = {O'Reilly \& Media},
  title          = {Hands-On Smart Contract Development with Solidity and Ethereum: From Fundamentals to Deployment},
  year           = {2019}
}

@misc{Ethereum,
  author       = {Vitalik Buterin and several former Ethereum core contributors},
  howpublished = {Available at: \url{https://ethereum.org/}},
  title        = {Ethereum.org},
  year         = {2015}
}

@misc{SolidityDocs,
  author       = {Christian Reitwiessner, Alex Beregszaszi, and several former Ethereum core contributors},
  howpublished = {Available at: \url{https://docs.soliditylang.org/en/v0.8.25/}},
  title        = {Solidity},
  year         = {2014}
}